@online{shenglufashion,
  title={Market Size of the Global Textile and Apparel Industry: 2015 to 2020},
  url={https://shenglufashion.com/2017/06/06/market-size-of-the-global-textile-and-apparel-industry-2015-to-2020/},
  year={2018},
  publisher={Shenglu Fashion}
}
@online{grandviewresearch,
  title={Synthetic Fibers Market Analysis, By Type (Acrylics, Polyester, Nylon, Polyolefin), By Application (Clothing, Home Furnishing, Automotive, Filtration), By Region, And Segment Forecasts, 2018 - 2025},
  url={https://www.grandviewresearch.com/industry-analysis/synthetic-fibers-market},
  year={2016},
  publisher={Grand View Research}
}
@online{ihsmarkit,
  title={Natural and Man-Made Fibers Overview},
  url={https://ihsmarkit.com/products/fibers-chemical-economics-handbook.html},
  year={2016},
  publisher={IHS Markit}
}
@online{noaamicroplastics,
  title={What are microplastics?},
  url={https://oceanservice.noaa.gov/facts/microplastics.html},
  year={2018},
  publisher={National Ocean Service}
}
@report{microplasticpollutionlitreview,
  title={Microplastic pollution from textiles: A literature review Project report No. 1-2018},
  author={Beverley Henry and Kirsi Laitala and Ingun Grimstad Klepp},
  year={2018},
  publisher={Oslo and Akershus University College of Applied Sciences}
}
@report{quantifyingfibers,
  title={Quantifying shedding of synthetic fibers from textiles: a source of microplastics released into the environment},
  author={Bethanie M. Carney Almroth and Linn Åström and Sofia Roslund and Hanna Petersson and Mats Johansson and Nils-Krister Persson},
  year={2018},
  url={https://www.ncbi.nlm.nih.gov/pmc/articles/PMC5766707/},
  publisher={US National Library of Medicine: National Institutes of Health}
}
@report{comparisonsyntheticfibers,
  title={Synthetic Fibers In Costume Collections},
  author={Chris Paulocik},
  year={2002},
  publisher={National Park Service},
  url={https://www.nps.gov/museum/publications/conserveogram/16-04.pdf}
}
@online{craftechindustries,
  title={How polyester is manufactured},
  url={http://www.craftechind.com/how-is-polyester-made/},
  year={2016},
  publisher={Craftech Industries}
}
@misc{polyesterstructure,
  title={Polyester Molecular Structure},
  url={http://www.essentialchemicalindustry.org/images/stories/590_Polyesters/PolyEsters_02.JPG},
  year={2014},
  publisher={Essential Chemical Industry}
}
@article{naturalfiberreview,
  title={Review on natural fiber reinforcement polymer composites},
  author={U.S .Bongarde and V.D. Shinde},
  year={2014},
  publisher={International Journal of Engineering Science and Innovative Technology (IJESIT)}
}
@article{polyesterstrength,
  title={Tensile strength of polyester composites reinforced with PALF},
  author={Gabriel Oliveira Glória and Maria Carolina Andrade Teles and Felipe Perissé Duarte Lopes and Carlos Maurício Fontes Vieira and Frederico Muylaert Margem and Maycon de Almeida Gomes and Sergio Neves Monteiro},
  year={2014},
  publisher={International Journal of Engineering Science and Innovative Technology (IJESIT)}
}
@article{afhfiber,
  title={Morphological, Physical, Mechanical, Chemical and Thermal Characterization of Sustainable Indian Areca Fruit Husk Fibers (Areca Catechu L.) as Potential Alternate for Hazardous Synthetic Fibers},
  author={J. S. Binoj and R. Edwin Raj and V. S. Sreenivasan and G. Rexin Thusnavis},
  year={2016},
  volume={13},
  pages={156-165},
  publisher={Journal of Bionic Engineering}
}
@article{naturalfiberprogressreport,
  title={Progress Report on Natural Fiber Reinforced Composites},
  author={Omar Faruk and Andrzej K. Bledzki and Hans-Peter Fink and Mohini Sain},
  year={2014},
  volume={299},
  pages={9-26},
  publisher={Macromolecular Materials and Engineering}
}
@report{globaltradeanalysis,
  title={Global Trade Analysis of Synthetic Fibre},
  author={Dr. P Nayak andT K Rout and Usha Nagle},
  year={2015},
  publisher={Textiles Committee Ministry of Textiles Government of India}
}
@article{naturalfibercompositereview,
  title={A Review: Natural Fiber Composites Selection in View of Mechanical, Light Weight, and Economic Properties},
  author={Furqan Ahmad and Heung Soap Choi and Myung Kyun Park},
  year={2015},
  volume={300},
  pages={10-24},
  publisher={Macromolecular Materials and Engineering}
}
@article{wastewaterbangladesh,
  title={A Review on Textile Wastewater Characterization in Bangladesh},
  author={Shuchismita Dey and Ashraful Islam},
  year={2015},
  volume={5},
  pages={15-44},
  publisher={Resources and Environment},
  department={Department of Textile Engineering, Southeast University, Dhaka, Bangladesh}
}
@article{microplasticrelease,
  title={Evaluation of microplastic release caused by textile washing processes of synthetic fabrics},
  author={Francesca De Falco and Maria Pia Gullo and Gennaro Gentile and Emilia Di Pace and Mariacristina Cocca and Laura Gelabert and Marolda Brouta-Agnesa  and Angels Rovira and Rosa Escudero and Raquel Villalba and Raffaella Mossotti and Alessio Montarsolo and Sara Gavignano and Claudio Tonin and Maurizio Avella},
  year={2018},
  volume={236},
  pages={916-925},
  publisher={Environmental Pollution}
}
@report{iucn,
  title={Primary Microplastics in the Oceans: a Global Evaluation of Sources},
  author={Julien Boucher and Damien Friot},
  year={2017},
  publisher={International Union for Conservation of Nature}
}
@report{gesamp,
  title={Sources, Fate and Effects of Microplastics in the Marine Environment: A Global Assessment},
  author={GESAMP: Joint Group of Experts on the Scientific Aspects of Marine Environmental Protection},
  year={2015},
  publisher={INTERNATIONAL MARITIME ORGANIZATION}
}